<?xml version="1.0" encoding="UTF-8"?><collection xmlns="http://www.loc.gov/MARC21/slim"><record><leader>00399nam--2200133-i-4500</leader><controlfield tag="001">000005158</controlfield><controlfield tag="002">20161230</controlfield><controlfield tag="005">20161230201026</controlfield><controlfield tag="008">060222s1000------------r-----000-0-eng-d</controlfield><datafield ind1=" " ind2=" " tag="100"><subfield code="a">Boure, J</subfield></datafield><datafield ind1=" " ind2=" " tag="245"><subfield code="a">Reacteur de puissancxe refrigeree en convectio n forcee. repartition du fluide entre les cana ux</subfield></datafield><datafield ind1=" " ind2=" " tag="260"><subfield code="a">Grenoble, Centre D`Etudes Nucleaires, 1959 20 P. + 1 Pl</subfield></datafield><datafield ind1=" " ind2=" " tag="490"><subfield code="a">67</subfield></datafield><datafield ind1=" " ind2=" " tag="852"><subfield code="a">7153</subfield></datafield></record></collection>